@misc{regRL1,
Author = {Mohammad Gheshlaghi Azar and Ian Osband and Rémi Munos},
Title = {Minimax Regret Bounds for Reinforcement Learning},
Year = {2017},
Eprint = {arXiv:1703.05449},}


@phdthesis{thesisRegret,
Author = {Liu, S.},
Title = {Regret Analysis for Discounted Reinforcement Learning},
Year = {2022},
Eprint = {https://escholarship.org/uc/item/3kd0q8g0},
}

@misc{regRL2,
Author = {Damianos Tranos and Alexandre Proutiere},
Title = {Regret Analysis in Deterministic Reinforcement Learning},
Year = {2021},
Eprint = {arXiv:2106.14338},
}

@book{AlgorithmsRLCsaba,
  added-at = {2010-09-04T00:00:00.000+0200},
  author = {Szepesvári, Csaba},
  biburl = {https://www.bibsonomy.org/bibtex/2a2877247f9323bac6f51f2ccc231efb5/dblp},
  booktitle = {Algorithms for Reinforcement Learning},
  ee = {http://dx.doi.org/10.2200/S00268ED1V01Y201005AIM009},
  interhash = {46c07bb11e2b5fe91663d461efbc2af1},
  intrahash = {a2877247f9323bac6f51f2ccc231efb5},
  keywords = {dblp},
  publisher = {Morgan and Claypool Publishers},
  series = {Synthesis Lectures on Artificial Intelligence and Machine Learning},
  timestamp = {2010-09-07T11:31:49.000+0200},
  title = {Algorithms for Reinforcement Learning},
  url = {http://dx.doi.org/10.2200/S00268ED1V01Y201005AIM009},
  year = 2010
}



@misc{QlearningUCB,
Author = {Kefan Dong and Yuanhao Wang and Xiaoyu Chen and Liwei Wang},
Title = {Q-learning with UCB Exploration is Sample Efficient for Infinite-Horizon MDP},
Year = {2019},
Eprint = {arXiv:1901.09311},
}
