@article{ARC2019_hr,
  title = {Dynamically induced heat rectification in quantum systems},
  author = {Riera-Campeny, Andreu and Mehboudi, Mohammad and Pons, Marisa and Sanpera, Anna},
  journal = {Phys. Rev. E},
  volume = {99},
  issue = {3},
  pages = {032126},
  numpages = {10},
  year = {2019},
  month = {Mar},
  publisher = {American Physical Society},
  doi = {10.1103/PhysRevE.99.032126},
  url = {https://link.aps.org/doi/10.1103/PhysRevE.99.032126}
}

@article{ARC2020_tc,
  doi = {10.22331/q-2020-05-25-270},
  url = {https://doi.org/10.22331/q-2020-05-25-270},
  title = {Time crystallinity in open quantum systems},
  author = {Riera-Campeny, Andreu and Moreno-Cardoner, Maria and Sanpera, Anna},
  journal = {{Quantum}},
  issn = {2521-327X},
  publisher = {{Verein zur F{\"{o}}rderung des Open Access Publizierens in den Quantenwissenschaften}},
  volume = {4},
  pages = {270},
  month = may,
  year = {2020}
}

@article{ARC2021_emme,
  title = {Quantum Systems Correlated with a Finite Bath: Nonequilibrium Dynamics and Thermodynamics},
  author = {Riera-Campeny, Andreu and Sanpera, Anna and Strasberg, Philipp},
  journal = {PRX Quantum},
  volume = {2},
  issue = {1},
  pages = {010340},
  numpages = {24},
  year = {2021},
  month = {Mar},
  publisher = {American Physical Society},
  doi = {10.1103/PRXQuantum.2.010340},
  url = {https://link.aps.org/doi/10.1103/PRXQuantum.2.010340}
}

@article{ARC2021_qnn,
	author={Maciej Lewenstein and Aikaterini Gratsea and Andreu Riera-Campeny and Albert Aloy and Valentin Kasper and Anna Sanpera},
	title={Storage capacity and learning capability of quantum neural networks},
	journal={Quantum Sci. Technol.},
	url={http://iopscience.iop.org/article/10.1088/2058-9565/ac070f},
	year={2021},
}

@article{ARC2020_reset,
  title={Measurement-induced resetting in open quantum systems},
  author={Riera-Campeny, Andreu and Oll{\'e}, Jan and Mas{\'o}-Puigdellosas, Axel},
  journal={arXiv:2011.04403},
  year={2020},
  url = {https://arxiv.org/pdf/2011.04403.pdf}
}

@article{ARC2020_clausius,
  title={Resurrecting Clausius: Why Nanomachines are More Efficient than We Thought},
  author={Strasberg, Philipp and D{\'i}az, Mar{\'i}a Garc{\'i}a and Riera-Campeny, Andreu},
  journal={arXiv:2012.03262},
  year={2020},
  url = {https://arxiv.org/pdf/2012.03262.pdf}
}